% Magic Comment: this template requires UTF-8 encoding. The following 'magic comment' is
% recognized by bib2gls and will ensure UTF-8 is used:
% Encoding: UTF-8
% see: https://github.com/nlct/bib2gls/issues/5#issuecomment-490863175

@index{edward_tufte,
  name      = {Tufte},
  firstname = {Edward}
}
@index{ernst_mach,
  name      = {Mach},
  firstname = {Ernst}
}
@index{osborne_reynolds,
  name      = {Reynolds},
  firstname = {Osborne}
}
@index{richard_mollier,
  name      = {Mollier},
  firstname = {Richard}
}