% Magic Comment: this template requires UTF-8 encoding. The following 'magic comment' is
% recognized by bib2gls and will ensure UTF-8 is used:
% Encoding: UTF-8
% see: https://github.com/nlct/bib2gls/issues/5#issuecomment-490863175
%%%%%%%%%%%%%%%%%%%%%%%%%%%%%%%%%%%%%%%%%%%%%%%%%%%%%%%%%%%%%%%%%
% IT
%%%%%%%%%%%%%%%%%%%%%%%%%%%%%%%%%%%%%%%%%%%%%%%%%%%%%%%%%%%%%%%%%
@abbreviation{coefficient_of_performance,
  short = {COP},
  long  = {Coefficient of Performance}
}
@abbreviation{comprehensive_tex_archive_network,
  short = {CTAN},
  long  = {Comprehensive \TeX{} Archive Network}
}
@abbreviation{continuous_delivery,
  short = {CD},
  long  = {Continuous Delivery}
}
@abbreviation{continuous_integration,
  short = {CI},
  long  = {Continuous Integration}
}
@abbreviation{graphical_user_interface,
  short = {GUI},
  long  = {Graphical User Interface}
}
@abbreviation{heavy_fuel_oil,
  short = {HFO},
  long  = {Heavy Fuel Oil}
}
@abbreviation{int_mar_org,
  short = {IMO},
  long  = {International Maritime Organization}
}
@abbreviation{integrated_development_environment,
  short = {IDE},
  long  = {Integrated Development Environment}
}
@abbreviation{international_organization_for_standardization,
  short = {ISO},
  long  = {International Organization for Standardization}
}
@abbreviation{js_object_notation,
  short = {JSON},
  long  = {JavaScript Object Notation}
}
%%%%%%%%%%%%%%%%%%%%%%%%%%%%%%%%%%%%%%%%%%%%%%%%%%%%%%%%%%%%%%%%%
% Thermodynamics
%%%%%%%%%%%%%%%%%%%%%%%%%%%%%%%%%%%%%%%%%%%%%%%%%%%%%%%%%%%%%%%%%
@abbreviation{marine_diesel_oil,
  short = {MDO},
  long  = {Marine Diesel Oil}
}
@abbreviation{portable_document_format,
  short = {PDF},
  long  = {Portable Document Format}
}
%%%%%%%%%%%%%%%%%%%%%%%%%%%%%%%%%%%%%%%%%%%%%%%%%%%%%%%%%%%%%%%%%
% Organizations
%%%%%%%%%%%%%%%%%%%%%%%%%%%%%%%%%%%%%%%%%%%%%%%%%%%%%%%%%%%%%%%%%
@abbreviation{scalable_vector_graphics,
  short = {SVG},
  long  = {Scalable Vectors Graphics}
}
@abbreviation{single_source_of_truth,
  short = {SSOT},
  long  = {Single Source of Truth}
}
@abbreviation{uniform_resource_locator,
  short = {URL},
  long  = {Uniform Resource Locator}
}
%%%%%%%%%%%%%%%%%%%%%%%%%%%%%%%%%%%%%%%%%%%%%%%%%%%%%%%%%%%%%%%%%
% Marine
%%%%%%%%%%%%%%%%%%%%%%%%%%%%%%%%%%%%%%%%%%%%%%%%%%%%%%%%%%%%%%%%%
@abbreviation{wärmepumpe,
  short = {WP},
  long  = {Wärmepumpe}
}
@abbreviation{what_you_see_is_what_you_mean,
  short = {WYSIWYM},
  long  = {What You See Is What You Mean}
}