% Magic Comment: this template requires UTF-8 encoding. The following 'magic comment' is
% recognized by bib2gls and will ensure UTF-8 is used:
% Encoding: UTF-8
% see: https://github.com/nlct/bib2gls/issues/5#issuecomment-490863175
%%%%%%%%%%%%%%%%%%%%%%%%%%%%%%%%%%%%%%%%%%%%%%%%%%%%%%%%%%%%%%%%%
% Thermodynamics
%%%%%%%%%%%%%%%%%%%%%%%%%%%%%%%%%%%%%%%%%%%%%%%%%%%%%%%%%%%%%%%%%
@symbol{angle_one,
  name        = {\ensuremath{\alpha}},
  description = {Angle},
  unit        = {\unit{\radian}}
}
@symbol{celsius_temperature,
  name        = {\ensuremath{\vartheta}},
  description = {(relative) Temperature},
  unit        = {\unit{\degreeCelsius}}
}
@symbol{drag_coefficient,
  name        = {\ensuremath{\zeta}},
  description = {Drag Coefficient},
  unit        = {\unit{-}}
}
%%%%%%%%%%%%%%%%%%%%%%%%%%%%%%%%%%%%%%%%%%%%%%%%%%%%%%%%%%%%%%%%%
% Fluid Mechanics
%%%%%%%%%%%%%%%%%%%%%%%%%%%%%%%%%%%%%%%%%%%%%%%%%%%%%%%%%%%%%%%%%
@symbol{mass_fraction,
  name        = {\ensuremath{\gamma}},
  description = {Mass fraction},
  unit        = {\unit{-}}
}
%%%%%%%%%%%%%%%%%%%%%%%%%%%%%%%%%%%%%%%%%%%%%%%%%%%%%%%%%%%%%%%%%
% Other
%%%%%%%%%%%%%%%%%%%%%%%%%%%%%%%%%%%%%%%%%%%%%%%%%%%%%%%%%%%%%%%%%
@symbol{ratio_of_specific_heats,
  name        = {\ensuremath{\kappa}},
  description = {Ratio of specific heats},
  unit        = {\unit{-}}
}
@symbol{relative_humidity,
  name        = {\ensuremath{\varphi}},
  description = {Relative Humidity},
  unit        = {\unit{\relhumidity}}
}