% Magic Comment: this template requires UTF-8 encoding. The following 'magic comment' is
% recognized by bib2gls and will ensure UTF-8 is used:
% Encoding: UTF-8
% see: https://github.com/nlct/bib2gls/issues/5#issuecomment-490863175
@symbol{air,
  name        = {\text{a.}},
  description = {air}
}
@symbol{dry,
  name        = {\text{d}},
  description = {dry}
}
@symbol{electric,
  name        = {\text{el.}},
  description = {electric}
}
@symbol{inferior,
  name        = {\text{i}},
  description = {inferior}
}
@symbol{thermal,
  name        = {\text{th}},
  description = {thermal}
}
@symbol{water,
  name        = {\text{w}},
  description = {Water}
}